@inproceedings{blitzer2007biographies,
    title={Biographies, bollywood, boom-boxes and blenders: Domain adaptation for sentiment classification},
    author={Blitzer, John and Dredze, Mark and Pereira, Fernando},
    booktitle={Annual Meeting-Association For Computational Linguistics},
    volume={45},
    number={1},
    pages={440},
    year={2007}
}
