@misc{shakib1998system,
    title={System and method for distributed conflict resolution between data objects replicated across a computer network},
    author={Shakib, D.A. and Norin, S. and Benson, M.L.},
    year={1998},
    month=jul # "~28",
    publisher={Google Patents},
    note={US Patent 5,787,262}
}


@misc{hurley2004collaborative,
    title={Collaborative model for software systems with synchronization submodel with merge feature, automatic conflict resolution and isolation of potential changes for reuse},
    author={Hurley, W.D. and Habermehl, K.D.},
    year={2004},
    month=jan # "~13",
    publisher={Google Patents},
    note={US Patent 6,678,882}
}


@inproceedings{oster2006data,
    title={Data consistency for P2P collaborative editing},
    author={Oster, G. and Urso, P. and Molli, P. and Imine, A.},
    booktitle={Proceedings of the 2006 20th anniversary conference on Computer supported cooperative work},
    pages={259--268},
    year={2006},
    organization={ACM}
}

@inproceedings{merle2012decentralized,
    title={Decentralized documents authoring system for decentralized teamwork: matching architecture with organizational structure},
    author={Merle, F. and B{\'e}nel, A. and Doyen, G. and Ga{\"\i}ti, D.},
    booktitle={Proceedings of the 17th ACM international conference on Supporting group work},
    pages={117--120},
    year={2012},
    organization={ACM}
}

@techreport{goel2006data,
    title={Data replication strategies in wide area distributed systems},
    author={Goel, S. and Buyya, R.},
    year={2006},
    institution={ISBN 1-599044181-2, Idea Group Inc., Hershey, PA, USA}
}

@inproceedings{damani1999optimistic,
    title={Optimistic recovery in multi-threaded distributed systems},
    author={Damani, O.P. and Tarafdar, A. and Garg, V.K.},
    booktitle={Reliable Distributed Systems, 1999. Proceedings of the 18th IEEE Symposium on},
    pages={234--243},
    year={1999},
    organization={IEEE}
}

@inproceedings{chun2006replica,
    title={Efficient replica maintenance for distributed storage systems},
    author={Chun, B.G. and Dabek, F. and Haeberlen, A. and Sit, E. and Weatherspoon, H. and Kaashoek, M.F. and Kubiatowicz, J. and Morris, R.},
    booktitle={Proc. of NSDI},
    volume={6},
    pages={225--264},
    year={2006}
}

@book{pu1991replica,
    title={Replica control in distributed systems: as asynchronous approach},
    author={Pu, C. and Leff, A.},
    volume={20},
    number={2},
    year={1991},
    publisher={ACM}
}

@inproceedings{ford2010availability,
    title={Availability in globally distributed storage systems},
      author={Ford, D. and Labelle, F. and Popovici, F.I. and Stokely, M. and Truong, V.A. and Barroso, L. and Grimes, C. and Quinlan, S.},
        booktitle={Proceedings of the 9th USENIX Symposium on Operating Systems Design and Implementation},
          year={2010}
}

@misc{dropboxstats,
 title = {Dropbox Is Now The Data Fabric Tying Together Devices For {100M} Registered Users Who Save {1B} Files A Day},
 url = {http://techcrunch.com/2012/11/13/dropbox-100-million/},
 author = {Josh Constine},
 year = {2012},
 XXhowpublished = {http://techcrunch.com/2012/11/13/dropbox-100-million/},
}

@misc{dropboxcollab,
 title = {How to Use Dropbox as a Killer Collaborative Work Tool},
 url = {http://lifehacker.com/5792938/how-to-use-dropbox-as-a-killer-collaborative-work-tool},
 author = {Adam Dachis},
 year = {2011},
 XXhowpublished = {http://lifehacker.com/5792938/how-to-use-dropbox-as-a-killer-collaborative-work-tool},
}

@misc{dropboxmercurial,
 title = {Mercurial on Dropbox}
 url = {http://blog.benrhughes.com/mercurial-on-dropbox},
 author = {Ben Hughes},
 year = {2010},
 XXhowpublished = {http://blog.benrhughes.com/mercurial-on-dropbox},
}

@misc{dropboxprivacy,
 title = {How Dropbox sacrifices user privacy for cost savings},
 url = {},
 author = {Josh Constine},
 year = {2012},
 XXhowpublished = {http://techcrunch.com/2012/11/13/dropbox-100-million/},
}

@misc{dropboxsecurity,
 title = {Dropbox authentication: insecure by design},
 url = {http://dereknewton.com/2011/04/dropbox-authentication-static-host-ids/},
 author = {Derek Newton},
 year = {2011},
 XXhowpublished = {http://dereknewton.com/2011/04/dropbox-authentication-static-host-ids/},
}

@inproceedings{van2010impossibility,
    title={On the impossibility of cryptography alone for privacy-preserving cloud computing},
    author={Van Dijk, M. and Juels, A.},
    booktitle={Proceedings of the 5th USENIX conference on Hot topics in security},
    pages={1--8},
    year={2010},
    organization={USENIX Association}
}
@article{soghoian2010caught,
    title={Caught in the cloud: Privacy, encryption, and government back doors in the web 2.0 era},
    author={Soghoian, C.},
    journal={J. on Telecomm. \& High Tech. L.},
    volume={8},
    pages={359},
    year={2010},
    publisher={HeinOnline}
}
@inproceedings{mulazzani2011dark,
    title={Dark clouds on the horizon: Using cloud storage as attack vector and online slack space},
    author={Mulazzani, M. and Schrittwieser, S. and Leithner, M. and Huber, M. and Weippl, E.},
    booktitle={USENIX Security},
    volume={8},
    year={2011}
}

